%% ----------------------------------------------------------------
%% Transfer.bib
%% ---------------------------------------------------------------- 

@article{Gers2000LearningTF,
  title={Learning to Forget: Continual Prediction with LSTM},
  author={Felix A. Gers and J{\"u}rgen Schmidhuber and Fred A. Cummins},
  journal={Neural Computation},
  year={2000},
  volume={12},
  number={10},
  pages={2451-2471}
}

@misc{hguimares:gtzankeras,
    author       = {H Guimares},
    title        = {{Music Genre classification on GTZAN dataset using CNNs }},
    year         = 2017,
    publisher    = {GitHub},
    url          = {https://github.com/Hguimaraes/gtzan.keras}
    }

@inproceedings{Todd1988,
  author = {Todd, Peter M.},
  booktitle = {Connectionist Models Summer School},
  pages = {76--84},
  task = {Composition},
  title = {A sequential network design for musical applications},
  year = {1988}
}


@inproceedings{Schreiber:2018,
   Title = {A Single-Step Approach to Musical Tempo Estimation Using a Convolutional Neural Network},
   Author = {Schreiber, Hendrik and M{\"u}ller Meinard},
   Booktitle = {Proceedings of the 19th International Society for Music Information Retrieval Conference ({ISMIR})},
   Pages = {98--105},
   Month = {9},
   Year = {2018},
   Address = {Paris, France}
}

@article{Gers2001LSTM,
  title={LSTM recurrent networks learn simple context free sensitive language},
  author={Felix A. Gers and J{\"u}rgen Schmidhuber},
  journal={IEEE Transactions on Neural Networks},
  year={2001},
  volume={12},
  number={6},
  pages={1333-1340}
}


@article{DBLP:journals/corr/HuangW16,
  author    = {Allen Huang and
               Raymond Wu},
  title     = {Deep Learning for Music},
  journal   = {CoRR},
  volume    = {abs/1606.04930},
  year      = {2016},
  url       = {http://arxiv.org/abs/1606.04930},
  archivePrefix = {arXiv},
  eprint    = {1606.04930},
  timestamp = {Mon, 13 Aug 2018 16:46:34 +0200},
  biburl    = {https://dblp.org/rec/bib/journals/corr/HuangW16},
  bibsource = {dblp computer science bibliography, https://dblp.org}
}

@article{DBLP:journals/corr/abs-1804-08167,
  author    = {Anders Elowsson},
  title     = {Tempo-Invariant Processing of Rhythm with Convolutional Neural Networks},
  journal   = {CoRR},
  volume    = {abs/1804.08167},
  year      = {2018},
  url       = {http://arxiv.org/abs/1804.08167},
  archivePrefix = {arXiv},
  eprint    = {1804.08167},
  timestamp = {Mon, 13 Aug 2018 16:49:01 +0200},
  biburl    = {https://dblp.org/rec/bib/journals/corr/abs-1804-08167},
  bibsource = {dblp computer science bibliography, https://dblp.org}
}

@article{Sharma:DataDrivenInvestor2018,
  author    = {Garuav Sharma},
  title     = {Music Generation Using Deep Learning},
  journal   = {Data Driven Investor},
  year      = {2018},
  url       = {https://medium.com/datadriveninvestor/music-generation-using-deep-learning-85010fb982e2},
  timestamp = {Wed, 17 Oct 2018},
}

@article{DBLP:journals/corr/abs-1801-00887,
  author    = {Huanru Henry Mao and
               Taylor Shin and
               Garrison W. Cottrell},
  title     = {DeepJ: Style-Specific Music Generation},
  journal   = {CoRR},
  volume    = {abs/1801.00887},
  year      = {2018},
  url       = {http://arxiv.org/abs/1801.00887},
  archivePrefix = {arXiv},
  eprint    = {1801.00887},
  timestamp = {Mon, 13 Aug 2018 16:48:58 +0200},
  biburl    = {https://dblp.org/rec/bib/journals/corr/abs-1801-00887},
  bibsource = {dblp computer science bibliography, https://dblp.org}
}

@article{Pons:TowardsDataScience2018,
  author    = {Jordi Pons},
  title     = {Neural Networks For Music: A Journey Through Its History},
  journal   = {Towards Data Science},
  year      = {2018},
  url       = {https://towardsdatascience.com/neural-networks-for-music-a-journey-through-its-history-91f93c3459fb},
  timestamp = {Tue, 30 Oct 2018},
}


@article{Frenzel:TowardsDataScience2018,
  author    = {Max Frenzel},
  title     = {NeuralFunk - Combining Deep Learning with Sound Design},
  journal   = {Towards Data Science},
  year      = {2018},
  url       = {https://towardsdatascience.com/neuralfunk-combining-deep-learning-with-sound-design-91935759d628},
  timestamp = {25 Oct 2018},
}

@inproceedings{senac:2017,
author = {Senac, Christine and Pellegrini, Thomas and Mouret, Florian and Pinquier, Julien},
year = {2017},
month = {06},
pages = {1-5},
title = {Music Feature Maps with Convolutional Neural Networks for Music Genre Classification},
doi = {10.1145/3095713.3095733}
}

@conference{Rishi:2018,
author={Rishi Madhok. and Shivali Goel. and Shweta Garg.},
title={SentiMozart: Music Generation based on Emotions},
booktitle={Proceedings of the 10th International Conference on Agents and Artificial Intelligence - Volume 2: ICAART,},
year={2018},
pages={501-506},
publisher={SciTePress},
organization={INSTICC},
doi={10.5220/0006597705010506},
isbn={978-989-758-275-2},
}

@inproceedings{Zhang+2016,
author={Weibin Zhang and Wenkang Lei and Xiangmin Xu and Xiaofeng Xing},
title={Improved Music Genre Classification with Convolutional Neural Networks},
year=2016,
booktitle={Interspeech 2016},
doi={10.21437/Interspeech.2016-1236},
url={http://dx.doi.org/10.21437/Interspeech.2016-1236},
pages={3304--3308}
}

@article{DBLP:journals/corr/abs-1905-11689,
  author    = {Yu{-}Hua Chen and
               Bryan Wang and
               Yi{-}Hsuan Yang},
  title     = {Demonstration of PerformanceNet: {A} Convolutional Neural Network
               Model for Score-to-Audio Music Generation},
  journal   = {CoRR},
  volume    = {abs/1905.11689},
  year      = {2019},
  url       = {http://arxiv.org/abs/1905.11689},
  archivePrefix = {arXiv},
  eprint    = {1905.11689},
  timestamp = {Mon, 03 Jun 2019 13:42:33 +0200},
  biburl    = {https://dblp.org/rec/bib/journals/corr/abs-1905-11689},
  bibsource = {dblp computer science bibliography, https://dblp.org}
}

@article{Sharma:DataDrivenInvestor2018,
  author    = {Zhihao Ouyang and Yihang Yin and Kun Yan and Jian Wu1 and Xiaolin Hu1 and Shu-Tao Xia},
  title     = {Music Generation with Local Connected Convolutional Neural Network},
  journal   = {},
  year      = {2018},
  url       = {http://ouyangzhihao.com/wp-content/uploads/2018/12/MUSIC-GENERATION-WITH-LOCAL-CONNECTED-CONVOLUTIONAL-NEURAL-NETWORK.pdf},
  timestamp = {Tue, 30 Oct 2018 13:11:33},
}

@inproceedings{Kong2010AudioMG,
  title={Audio musical genre classification using convolutional neural networks and pitch and tempo transformations},
  author={Lihua LI},
  year={2010}
}

@article{MGCosta:softcomputing:2017,
author = {Yandre M. G. Costa and Luiz Soares de Oliveira and Carlos Silla},
year = {2017},
month = {01},
pages = {},
title = {An Evaluation of Convolutional Neural Networks for Music Classification Using Spectrograms},
volume = {52},
journal = {Applied Soft Computing},
doi = {10.1016/j.asoc.2016.12.024}
}

@article{article,
author = {J. Schluter and S. Bock},
year = {2013},
month = {01},
pages = {1-4},
title = {Musical onset detection with convolutional neural networks},
journal = {International Workshop on Machine Learning and Music}
}

@article{article,
author = {LH. Li, Tom and Chan, Antoni and Chun, Andy},
year = {2010},
month = {03},
pages = {},
title = {Automatic Musical Pattern Feature Extraction Using Convolutional Neural Network},
volume = {2180},
journal = {Lecture Notes in Engineering and Computer Science}
}

@ARTICLE{klapuri:2006,
author={A. P. {Klapuri} and A. J. {Eronen} and J. T. {Astola}},
journal={IEEE Transactions on Audio, Speech, and Language Processing},
title={Analysis of the meter of acoustic musical signals},
year={2006},
volume={14},
number={1},
pages={342-355},
keywords={music;musical acoustics;acoustic signal processing;comb filters;feature extraction;acoustic musical signal;musical meter;temporally atomic tatum pulse level;tactus pulse level;musical measure level;time-frequency analysis;musical accent;comb filter resonators;causal analysis;noncausal analysis;Signal analysis;Pulse measurements;Performance evaluation;Atomic measurements;Acoustic pulses;Acoustic measurements;Time measurement;Pattern analysis;Performance analysis;Time frequency analysis;Acoustic signal analysis;music;musical meter analysis;music transcription},
doi={10.1109/TSA.2005.854090},
ISSN={},
month={Jan},}

@article{Lazaro2017MusicTC,
  title={Music tempo classification using audio spectrum centroid, audio spectrum flatness, and audio spectrum spread based on MPEG-7 audio features},
  author={Alvin Lazaro and Riyanarto Sarno and R{\'e}gis Andr{\'e} and Muhammad Nezar Mahardika},
  journal={2017 3rd International Conference on Science in Information Technology (ICSITech)},
  year={2017},
  pages={41-46}
}

@INPROCEEDINGS{sheng:2004,
author={ {Sheng Gao} and {Chin-Hui Lee}},
booktitle={2004 IEEE International Conference on Acoustics, Speech, and Signal Processing},
title={An adaptive learning approach to music tempo and beat analysis},
year={2004},
volume={4},
number={},
pages={iv-iv},
keywords={music;maximum likelihood estimation;learning (artificial intelligence);audio signal processing;adaptive learning;music tempo analysis;music beat analysis;beat tracking;maximum a posteriori estimation;MAP estimation;musical signals;Multiple signal classification;Humans;Robustness;Signal analysis;Music;Frequency synchronization;Resonator filters;Maximum likelihood estimation;Information analysis;Indexing},
doi={10.1109/ICASSP.2004.1326807},
ISSN={},
month={May},}

@inproceedings{tristan:2005,
author={T. {Jehan}},
booktitle={IEEE Workshop on Applications of Signal Processing to Audio and Acoustics, 2005.},
title={Downbeat prediction by listening and learning},
year={2005},
volume={},
number={},
pages={267-270},
keywords={acoustic signal processing;hearing;music;music listeners;downbeat predictive modeling strategy;psychoacoustic models;time-lag embedded segment learning;beat tracker;Music;Psychoacoustic models;Rhythm;Multiple signal classification;Signal processing;Acoustic measurements;Time measurement;Atomic measurements;Phase estimation;Pulse measurements},
doi={10.1109/ASPAA.2005.1540221},
ISSN={},
month={Oct},}

@article{humphrey:2012,
author = {J Humphrey, Eric and Bello, Juan and Lecun, Yann},
year = {2012},
month = {01},
pages = {},
title = {Moving beyond feature design: Deep architectures and automatic feature learning in music informatics},
journal = {Proceedings of the 13th International Society for Music Information Retrieval Conference, ISMIR 2012}
}

@incollection{Lee:2009,
title = {Unsupervised feature learning for audio classification using convolutional deep belief networks},
author = {Lee, Honglak and Peter Pham and Yan Largman and Andrew Y. Ng},
booktitle = {Advances in Neural Information Processing Systems 22},
editor = {Y. Bengio and D. Schuurmans and J. D. Lafferty and C. K. I. Williams and A. Culotta},
pages = {1096--1104},
year = {2009},
publisher = {Curran Associates, Inc.},
url = {http://papers.nips.cc/paper/3674-unsupervised-feature-learning-for-audio-classification-using-convolutional-deep-belief-networks.pdf}
}

@INPROCEEDINGS{eck:temporalstructure:2002,
author={D. {Eck} and J. {Schmidhuber}},
booktitle={Proceedings of the 12th IEEE Workshop on Neural Networks for Signal Processing},
title={Finding temporal structure in music: blues improvisation with LSTM recurrent networks},
year={2002},
volume={},
number={},
pages={747-756},
doi={10.1109/NNSP.2002.1030094},
ISSN={},
month={Sep.},}

@INPROCEEDINGS{lewis:1988,
author={ {Lewis}},
booktitle={IEEE 1988 International Conference on Neural Networks},
title={Creation by refinement: a creativity paradigm for gradient descent learning networks},
year={1988},
volume={},
number={},
pages={229-233 vol.2},
doi={10.1109/ICNN.1988.23933},
ISSN={},
month={July},}

@INPROCEEDINGS{6406762,
author={E. J. {Humphrey} and J. P. {Bello}},
booktitle={2012 11th International Conference on Machine Learning and Applications},
title={Rethinking Automatic Chord Recognition with Convolutional Neural Networks},
year={2012},
volume={2},
number={},
pages={357-362},
doi={10.1109/ICMLA.2012.220},
ISSN={},
month={Dec},}


@inproceedings{7809895,
author={H. {Li} and X. {Fei} and K. {Chao} and M. {Yang} and C. {He}},
booktitle={2016 IEEE 13th International Conference on e-Business Engineering (ICEBE)},
title={Towards a Hybrid Deep-Learning Method for Music Classification and Similarity Measurement},
year={2016},
volume={},
number={},
pages={9-16},
doi={10.1109/ICEBE.2016.014},
ISSN={},
month={Nov}}

@INPROCEEDINGS{8599506,
author={Y. {Sun} and C. {Jin} and W. {Zhao} and N. {Wang}},
booktitle={2018 5th International Conference on Systems and Informatics (ICSAI)},
title={Design of real-time rhythm tracking system based on neural network},
year={2018},
volume={},
number={},
pages={356-360},
doi={10.1109/ICSAI.2018.8599506},
ISSN={},
month={Nov},}

@article{Hinton:2006,
 author = {Hinton, Geoffrey E. and Osindero, Simon and Teh, Yee-Whye},
 title = {A Fast Learning Algorithm for Deep Belief Nets},
 journal = {Neural Comput.},
 issue_date = {July 2006},
 volume = {18},
 number = {7},
 issn = {0899-7667},
 pages = {1527--1554},
 numpages = {28},
 url = {http://dx.doi.org/10.1162/neco.2006.18.7.1527},
 doi = {10.1162/neco.2006.18.7.1527},
 acmid = {1161605},
 publisher = {MIT Press},
}

@ARTICLE{8323324,
author={K. {Choi} and G. {Fazekas} and K. {Cho} and M. {Sandler}},
journal={IEEE Transactions on Emerging Topics in Computational Intelligence},
title={The Effects of Noisy Labels on Deep Convolutional Neural Networks for Music Tagging},
year={2018},
volume={2},
number={2},
pages={139-149},
doi={10.1109/TETCI.2017.2771298},
ISSN={2471-285X},
month={April},}

@ARTICLE{Han:instrumentRecognition:2017,
author={Y. {Han} and J. {Kim} and K. {Lee}},
journal={IEEE/ACM Transactions on Audio, Speech, and Language Processing},
title={Deep Convolutional Neural Networks for Predominant Instrument Recognition in Polyphonic Music},
year={2016},
volume={25},
number={1},
pages={208-221},
doi={10.1109/TASLP.2016.2632307},
ISSN={2329-9290},
month={Jan},}

@INPROCEEDINGS{8479263,
author={C. {Wu} and L. {Pan} and V. {Soo}},
booktitle={2017 International Conference on Information, Communication and Engineering (ICICE)},
title={Secondary Learning and Kernel Initialization on Auto-Tagging of Music Events Using Convolutional Neural Networks},
year={2017},
volume={},
number={},
pages={412-415},
doi={10.1109/ICICE.2017.8479263},
ISSN={},
month={Nov},}

@article{DBLP:journals/corr/abs-1811-08380,
  author    = {Ke Chen and
               Weilin Zhang and
               Shlomo Dubnov and
               Gus Xia},
  title     = {The Effect of Explicit Structure Encoding of Deep Neural Networks
               for Symbolic Music Generation},
  journal   = {CoRR},
  volume    = {abs/1811.08380},
  year      = {2018},
  url       = {http://arxiv.org/abs/1811.08380},
  archivePrefix = {arXiv},
  eprint    = {1811.08380},
  timestamp = {Mon, 26 Nov 2018 12:52:45 +0100},
  biburl    = {https://dblp.org/rec/bib/journals/corr/abs-1811-08380},
  bibsource = {dblp computer science bibliography, https://dblp.org}
}


@article{pons:end2end:2018,
  author    = {Jordi Pons and Oriol Nieto and Matthew Prockup and Erik M. Schmidt and Andreas F. Ehmann and Xavier Serra},
  title     = {End-to-end learning for music audio tagging at scale},
  journal   = {CoRR},
  volume    = {abs/1711.02520},
  year      = {2017a},
  url       = {http://arxiv.org/abs/1711.02520, https://github.com/jordipons/music-audio-tagging-at-scale-models},
  archivePrefix = {arXiv},
  eprint    = {1711.02520},
  timestamp = {Mon, 13 Aug 2018 16:46:37 +0200},
 
}


@article{DBLP:journals/corr/PonsSGGS17,
  author    = {Jordi Pons and
               Olga Slizovskaia and
               Rong Gong and
               Emilia G{\'{o}}mez and
               Xavier Serra},
  title     = {Timbre Analysis of Music Audio Signals with Convolutional Neural Networks},
  journal   = {CoRR},
  volume    = {abs/1703.06697},
  year      = {2017b},
  url       = {http://arxiv.org/abs/1703.06697},
  archivePrefix = {arXiv},
  eprint    = {1703.06697},
  timestamp = {Mon, 13 Aug 2018 16:47:37 +0200},
  biburl    = {https://dblp.org/rec/bib/journals/corr/PonsSGGS17},
  bibsource = {dblp computer science bibliography, https://dblp.org}
}

@article{DBLP:journals/corr/ChoiFSC16,
  author    = {Keunwoo Choi and
               George Fazekas and
               Mark B. Sandler and
               Kyunghyun Cho},
  title     = {Convolutional Recurrent Neural Networks for Music Classification},
  journal   = {CoRR},
  volume    = {abs/1609.04243},
  year      = {2016},
  url       = {http://arxiv.org/abs/1609.04243},
  archivePrefix = {arXiv},
  eprint    = {1609.04243},
  timestamp = {Thu, 21 Mar 2019 11:19:44 +0100},
  biburl    = {https://dblp.org/rec/bib/journals/corr/ChoiFSC16},
  bibsource = {dblp computer science bibliography, https://dblp.org}
}

